@article{prop_390,
  author          = {Peterson, E and Yang, E and Morland, T and Giorshev, J},
  language        = {en},
  title           = {ELEC390 Proposal},
  file            = {../proposal/report/Team07_YangGiorshevPeterson_MainProject.pdf},
  year            = {2021},
  month           = {March}
}

@misc{tauri_benchmarks,
  author       = {Tauri Apps},
  title        = {Benchmarks: Tauri Apps},
  year         = {2022},
  month        = {Nov},
  url          = {https://tauri.app/v1/references/benchmarks/}
}

@misc{rust_speed,
  author          = {Kornel},
  title           = {Speed of Rust vs C},
  year            = {2020},
  url             = {https://kornel.ski/rust-c-speed},
}

@article{javascript_speed,
  author          = {Ryan Carniato},
  journal         = {JavaScript in Plain English},
  title           = {JavaScript Frameworks, Performance Comparison 2020},
  year            = {2020},
  month           = {Dec},
  url             = {https://javascript.plainenglish.io/javascript-frameworks-performance-comparison-2020-cd881ac21fce}
}

@misc{tauri_actions,
  author       = {Tauri Apps},
  title        = {Cross-Platform Compilation},
  year         = {2022},
  month        = {Nov},
  url          = {https://tauri.app/v1/guides/building/cross-platform/}
}

@online{axis_spec,
	title = {{AMBA} 4 {AXI}4-Stream Protocol Specification},
	url = {https://developer.arm.com/documentation/ihi0051/a/Introduction/About-the-AXI4-Stream-protocol},
	urldate = {2023-03-13},
	file = {AMBA 4 AXI4-Stream Protocol Specification:/home/ethan/snap/zotero-snap/common/Zotero/storage/LBSL3LV8/About-the-AXI4-Stream-protocol.html:text/html},
}

@software{verilog_axis_lib,
	title = {Verilog {AXI} Stream Components Readme},
	rights = {{MIT}},
	url = {https://github.com/alexforencich/verilog-axis},
	abstract = {Verilog {AXI} stream components for {FPGA} implementation},
	author = {Forencich, Alex},
	urldate = {2023-03-13},
	date = {2023-03-12},
	note = {original-date: 2014-11-06T00:17:52Z},
}