@misc{tauri_benchmarks,
  author       = {Tauri Apps},
  title        = {Benchmarks: Tauri Apps},
  year         = {2022},
  month        = {Nov},
  url          = {https://tauri.app/v1/references/benchmarks/}
}

@misc{rust_speed,
  author          = {Kornel},
  title           = {Speed of Rust vs C},
  year            = {2020},
  url             = {https://kornel.ski/rust-c-speed},
}

@article{javascript_speed,
  author          = {Ryan Carniato},
  journal         = {JavaScript in Plain English},
  title           = {JavaScript Frameworks, Performance Comparison 2020},
  year            = {2020},
  month           = {Dec},
  url             = {https://javascript.plainenglish.io/javascript-frameworks-performance-comparison-2020-cd881ac21fce}
}

@misc{tauri_actions,
  author       = {Tauri Apps},
  title        = {Cross-Platform Compilation},
  year         = {2022},
  month        = {Nov},
  url          = {https://tauri.app/v1/guides/building/cross-platform/}
}
