
@misc{noauthor_china_nodate,
	title = {China {PCB} {Prototype} \& {Fabrication} {Manufacturer} - {PCB} {Prototype} the {Easy} {Way}},
	url = {https://www.pcbway.com/},
	urldate = {2021-03-28},
	file = {China PCB Prototype & Fabrication Manufacturer - PCB Prototype the Easy Way:C\:\\Users\\ericy\\Zotero\\storage\\CZY22WZK\\www.pcbway.com.html:text/html}
}

@misc{noauthor_autoutlet_nodate,
	title = {{AUTOUTLET} {P6100} {Universal} {Oscilloscope} {Probe} with {Accessories} {Kit} {100MHz} {Oscilloscope} {Clip} {Probes} with {BNC} to {Minigrabber} {Test} {Lead} {Kit}: {Amazon}.ca: {Industrial} \& {Scientific}},
	url = {https://www.amazon.ca/AUTOUTLET-100MHz-Oscilloscope-Probes-Minigrabber/dp/B07P7M72JX?ref_=Oct_s9_apbd_obs_hd_bw_bCwB0lH&pf_rd_r=TFSHB3M6H6Q6389VFS1W&pf_rd_p=39494b61-6419-5408-85ff-4882b07a9b6a&pf_rd_s=merchandised-search-10&pf_rd_t=BROWSE&pf_rd_i=11853246011},
	urldate = {2021-03-28},
	file = {AUTOUTLET P6100 Universal Oscilloscope Probe with Accessories Kit 100MHz Oscilloscope Clip Probes with BNC to Minigrabber Test Lead Kit\: Amazon.ca\: Industrial & Scientific:C\:\\Users\\ericy\\Zotero\\storage\\6UJM7MZK\\B07P7M72JX.html:text/html}
}

@misc{noauthor_bitscope_nodate,
	title = {BitScope},
	url = {http://my.bitscope.com/},
	urldate = {2021-03-30},
	file = {BitScope BS05U:/home/etha/Zotero/storage/RKGZ2PHP/store.html:text/html},
	language = {en-US}
}

@misc{bitscope_education,
	title = {{BitScope} {In} {Education} {\textbar} {Electronics} and programming for the real world.},
	url = {http://bitscope.com/ed/},
	urldate = {2021-03-30},
	file = {BitScope In Education | Electronics and programming for the real world.:/home/etha/Zotero/storage/5UR5CNHX/ed.html:text/html},
}

@misc{scope_353,
	title = {{STARTO} {Handheld} {Digital} {Oscilloscope} {Kit} 2.4‚Äù {TFT} with {BNC}-{Clip} {Cable} {Probe} and {Power} {Supply}: {Amazon}.com: {Industrial} \& {Scientific}},
	url = {https://www.amazon.com/STARTO-Handheld-Digital-Oscilloscope-BNC-Clip/dp/B07QL3SS7S?th=1},
	urldate = {2021-03-30},
}

@article{kollman_powering_2002,
	title = {Powering electronics from the {USB} port},
	language = {en},
	author = {Kollman, Robert and Betten, John},
	year = {2002},
	pages = {8},
	file = {Kollman and Betten - 2002 - Powering electronics from the USB port.pdf:/home/etha/Zotero/storage/32ZM8U7K/Kollman and Betten - 2002 - Powering electronics from the USB port.pdf:application/pdf},
}

@misc{gpl,
	title = {The {GNU} {General} {Public} {License} v3.0 - {GNU} {Project} - {Free} {Software} {Foundation}},
	url = {https://www.gnu.org/licenses/gpl-3.0.en.html},
	urldate = {2021-03-31},
	file = {The GNU General Public License v3.0 - GNU Project - Free Software Foundation:/home/etha/Zotero/storage/NH2ABPTS/gpl-3.0.en.html:text/html},
}

@misc{paywalled_econ,
	title = {Oscilloscope Market - Forecast},
	url = {https://www.industryarc.com/Report/15348/oscilloscope-market.html},
	urldate = {2021-04-02},
}

@misc{queens_enroll_stats,
	title = {Enrollment Report 2020 to 2021},
	url = {http://www.queensu.ca/registrar/sites/webpublish.queensu.ca.uregwww/files/files/EnrolRpt_2020_2021.pdf},
	urldate = {2021-04-02},
}

@misc{canada_students,
	title = {Number of students enrolled in universities in Canada from 2000 to 2019},
	url = {https://www.statista.com/statistics/447814/university-enrollment-in-canada/},
	urldate = {2021-04-02},
}

@misc{elec_hobby,
	title = {Whatever Happened To The Electronics Hobbyist?},
	url = {https://www.electronicdesign.com/archive/article/21752153/whatever-happened-to-the-electronics-hobbyist},
	urldate = {2007-03-04},
}

@misc{microsoft_driver_stuff,
	title = {Write a Hello World Windows Driver},
	url = {https://docs.microsoft.com/en-us/windows-hardware/drivers/gettingstarted/writing-a-very-small-kmdf--driver},
	urldate = {2018-04-20},
}
